@ARTICLE{netflix-2016,
	author   = "A. Basiri and N. Behnam and R. de Rooij and L. Hochstein and L. Kosewski and J. Reynolds and C. Rosenthal",
	journal  = "IEEE Software",
	title    = "Chaos Engineering",
	year     = "2016",
	volume   = "33",
	number   = "3",
	pages    = "35-41",
	keywords = "Chaos theory;Streaming media;Production processes;Steady-state;Software engineering;Organizations",
	doi      = "10.1109/MS.2016.60",
	url      = "doi.ieeecomputersociety.org/10.1109/MS.2016.60",
	ISSN     = "0740-7459",
	month    = "May-June"
}
@ONLINE {lewis-2014,
    author = "James Lewis and Martin Fowler",
    title  = "Microservices: a definition of this new architectural term",
    month  = "mar",
    year   = "2014",
    url    = "https://martinfowler.com/articles/microservices.html"
}

